
@misc{the_editors_of_encyclopaedia_britannica_scientific_2019,
	title = {Scientific {Method}},
	url = {https://www.britannica.com/science/scientific-method},
	abstract = {Scientific method, mathematical and experimental technique employed in the sciences. More specifically, it is the technique used in the construction and testing of a scientific hypothesis. The scientific method is applied broadly across the sciences.},
	language = {en},
	urldate = {2019-11-12},
	journal = {Encyclopedia Britannica},
	author = {The Editors of Encyclopaedia Britannica},
	month = jul,
	year = {2019},
	file = {Snapshot:C\:\\Users\\vilde\\Zotero\\storage\\K79RSKII\\scientific-method.html:text/html}
}