@InCollection{sep-scientific-method,
	author       =	{Andersen, Hanne and Hepburn, Brian},
	title        =	{Scientific Method},
	booktitle    =	{The Stanford Encyclopedia of Philosophy},
	editor       =	{Edward N. Zalta},
	howpublished =	{\url{https://plato.stanford.edu/archives/sum2016/entries/scientific-method/}},
	year         =	{2016},
	edition      =	{Summer 2016},
	publisher    =	{Metaphysics Research Lab, Stanford University}
}

@article{popper1982science,
  title={Science: Conjectures and refutations},
  author={Popper, Karl},
  journal={Philosophy of science and the occult},
  pages={104--111},
  year={1982}
}

@article{the_editors_of_encyclopaedia_britannica_scientific_2019,
	title = {Scientific {Method}},
	url = {https://www.britannica.com/science/scientific-method},
	abstract = {Scientific method, mathematical and experimental technique employed in the sciences. More specifically, it is the technique used in the construction and testing of a scientific hypothesis. The scientific method is applied broadly across the sciences.},
	language = {en},
	urldate = {2019-11-12},
	note = {https://www.britannica.com/science/scientific-method.  Accessed 12 November 2019},
	journal = {Encyclopedia Britannica},
	author = {The Editors of Encyclopaedia Britannica},
	month = jul,
	year = {2019},
	file = {Snapshot:C\:\\Users\\vilde\\Zotero\\storage\\K79RSKII\\scientific-method.html:text/html}
}

@book{chalmers_what_1999,
	title = {What is this {Thing} {Called} {Science}?},
	isbn = {978-0-7022-3093-6},
	abstract = {An introductory textbook designed to explore the philosophy of science with minimal use of technical terms.},
	language = {en},
	publisher = {Univ. of Queensland Press},
	author = {Chalmers, Alan Francis},
	year = {1999},
}